%% This BibTeX bibliography file was created using BibDesk.
%% http://bibdesk.sourceforge.net/

%% Created for Ravi Banavar at 2021-10-10 18:48:11 +0200 


%% Saved with string encoding Unicode (UTF-8) 



@article{cite-key,
	Date-Added = {2021-10-10 18:40:26 +0200},
	Date-Modified = {2021-10-10 18:40:26 +0200},
	Bdsk-File-1 = {YnBsaXN0MDDSAQIDBFxyZWxhdGl2ZVBhdGhZYWxpYXNEYXRhWnBob2dhdC5iaWJPEQGyAAAAAAGyAAIAAAxNYWNpbnRvc2ggSEQAAAAAAAAAAAAAAAAAAAAAAAAAQkQAAf////8KcGhvZ2F0LmJpYgAAAAAAAAAAAAAAAAAAAAAAAAAAAAAAAAAAAAAAAAAAAAAAAAAAAAAAAAAAAAAAAAAAAAAA/////wAAAAAAAAAAAAAAAAABAAIAAAogY3UAAAAAAAAAAAAAAAAAEXJlc2VhcmNoX3Byb3Bvc2FsAAACAFsvOlVzZXJzOnJhdmliYW5hdmFyOlBCTWFjQm9va18yNl8wNV8wOTpjb2xsYWJvcmF0aW9uczpyX21haG9ueTpyZXNlYXJjaF9wcm9wb3NhbDpwaG9nYXQuYmliAAAOABYACgBwAGgAbwBnAGEAdAAuAGIAaQBiAA8AGgAMAE0AYQBjAGkAbgB0AG8AcwBoACAASABEABIAWVVzZXJzL3JhdmliYW5hdmFyL1BCTWFjQm9va18yNl8wNV8wOS9jb2xsYWJvcmF0aW9ucy9yX21haG9ueS9yZXNlYXJjaF9wcm9wb3NhbC9waG9nYXQuYmliAAATAAEvAAAVAAIAEv//AAAACAANABoAJAAvAAAAAAAAAgEAAAAAAAAABQAAAAAAAAAAAAAAAAAAAeU=}}

@article{phogat_DMP,
	Author = {Karmvir Singh Phogat and Chatterjee, D and Banavar, R N},
	Date-Added = {2021-10-10 18:34:36 +0200},
	Date-Modified = {2021-10-10 18:48:08 +0200},
	Journal = {Automatica},
	Keywords = {Pontryagin maximum principle, Lie groups, Optimal control, Discrete mechanics, State constraints},
	Title = {A discrete-time Pontryagin maximum principle on matrix Lie groups},
	Volume = {97},
	Year = {2018}}

@article{burnett2013inexact,
	Author = {Burnett, Christopher L and Holm, Darryl D and Meier, David M},
	Journal = {Proc. R. Soc. A},
	Number = {2160},
	Pages = {20130249},
	Publisher = {The Royal Society},
	Title = {Inexact trajectory planning and inverse problems in the {H}amilton--{P}ontryagin framework},
	Volume = {469},
	Year = {2013}}

@article{Colombo2016,
	Author = {Colombo, Leonardo and Ferraro, Sebasti{\'a}n and Mart{\'\i}n de Diego, David},
	Day = {01},
	Doi = {10.1007/s00332-016-9314-9},
	Issn = {1432-1467},
	Journal = {Journal of Nonlinear Science},
	Month = {Dec},
	Number = {6},
	Pages = {1615--1650},
	Title = {Geometric Integrators for Higher-Order Variational Systems and Their Application to Optimal Control},
	Url = {https://doi.org/10.1007/s00332-016-9314-9},
	Volume = {26},
	Year = {2016},
	Bdsk-Url-1 = {https://doi.org/10.1007/s00332-016-9314-9}}

@article{colombo2012discrete,
	Author = {Colombo, Leonardo and Jim{\'e}nez, Fernando and De Diego, David Martin},
	Journal = {International Journal of Geometric methods in modern physics},
	Number = {04},
	Pages = {1250037},
	Publisher = {World Scientific},
	Title = {Discrete Second-Order {E}uler--{P}oincar{\'e} equations: Applications to Optimal Control},
	Volume = {9},
	Year = {2012}}

@book{lee2013introduction,
	Author = {Lee, John M},
	Publisher = {Springer Science \& Business Media},
	Title = {Introduction to {S}mooth {M}anifolds},
	Year = {2013}}

@article{jankovic,
	Author = {Jankovi{\'c}, V},
	Journal = {Journal of Mathematical Sciences},
	Number = {2},
	Pages = {2572--2582},
	Publisher = {Springer},
	Title = {Tent theory},
	Volume = {110},
	Year = {2002}}

@article{karmmsm,
	Author = {Karmvir Singh Phogat and Debasish Chatterjee and Ravi N Banavar},
	Journal = {arXiv.org},
	Title = {Multiple shooting technique for optimal attitude control of a spacecraft with momentum and control constraints},
	Url = {http://arxiv.org/abs/1509.04521},
	Volume = {abs/1509.04521},
	Year = {2015},
	Bdsk-Url-1 = {http://arxiv.org/abs/1509.04521}}

@article{Sussmann_coinv,
	Author = {Sussmann, H J},
	Journal = {Lecture notes},
	Notenote = {https://math.la.asu.edu/~kawski/classes/apm582/16sprg/various/weizman-HJS-2000.pdf},
	Title = {The {E}uler-{L}agrange equation and its invariance properties},
	Year = {2000}}

@article{Sussmann_copmp,
	Author = {H. J. Sussmann},
	Journal = {In Geometry of Feedback and Optimal Control, B. Jakubczyk and W. Respondek},
	Pages = {463--557},
	Publisher = {Marcel Dekker Inc},
	Title = {An introduction to the coordinate-free Maximum Principle}}

@book{bonnard2012,
	Author = {Bonnard, Bernard and Sugny, Dominique},
	Publisher = {American Institute of Mathematical Sciences, Springfield, USA},
	Title = {Optimal control with applications in space and quantum dynamics},
	Year = {2012}}

@book{pshenichnyi1971necessary,
	Author = {Pshenichnyi, B N},
	Publisher = {Marcel Dekker Inc, New York},
	Title = {Necessary conditions for an extremum},
	Year = {1971}}

@article{bullo2001kinematic,
	Author = {Bullo, Francesco and Lynch, Kevin M},
	Journal = {IEEE Transactions on Robotics and Automation},
	Number = {4},
	Pages = {402--412},
	Publisher = {IEEE},
	Title = {Kinematic controllability for decoupled trajectory planning in underactuated mechanical systems},
	Volume = {17},
	Year = {2001}}

@article{vemulapalli2014human,
	Author = {Vemulapalli, Raviteja and Arrate, Felipe and Chellappa, Rama},
	Journal = {IEEE Conference on Computer Vision and Pattern Recognition},
	Pages = {588--595},
	Title = {Human action recognition by representing 3d skeletons as points in a {L}ie group},
	Year = {2014}}

@article{brockett1973lie,
	Author = {Brockett, R W},
	Journal = {SIAM Journal on Applied Mathematics},
	Number = {2},
	Pages = {213--225},
	Publisher = {Society for Industrial and Applied Mathematics},
	Title = {{L}ie theory and control systems defined on spheres},
	Volume = {25},
	Year = {1973}}

@article{khaneja2001time,
	Author = {Khaneja, Navin and Brockett, Roger and Glaser, Steffen J},
	Journal = {Physical Review A},
	Number = {3},
	Pages = {032308},
	Publisher = {American Physical Society},
	Title = {Time optimal control in spin systems},
	Volume = {63},
	Year = {2001}}

@article{bourdin2016optimal,
	Author = {Bourdin, Lo{\"\i}c and Tr{\'e}lat, Emmanuel},
	Journal = {Mathematical Control and Related Fields},
	Number = {1},
	Pages = {53--94},
	Title = {Optimal sampled-data control, and generalizations on time scales},
	Volume = {6},
	Year = {2016}}

@article{saccon,
	Author = {A. Saccon and J. Hauser and A. P. Aguiar},
	Journal = {IEEE Transactions on Automatic Control},
	Month = {Sept},
	Number = {9},
	Pages = {2230-2245},
	Title = {Optimal Control on {L}ie Groups: The Projection Operator Approach},
	Volume = {58},
	Year = {2013}}

@article{boltopt,
	Author = {Boltyanski,V G},
	Journal = {Topology and its Applications},
	Pages = {617-628},
	Publisher = {ScienceDirect},
	Title = {Application of topology in optimization theory},
	Volume = {146},
	Year = {2005}}

@article{kobilarov,
	Author = {Kobilarov, Marin B and Marsden, Jerrold E},
	Journal = {IEEE Transactions on Robotics},
	Number = {4},
	Pages = {641-655},
	Publisher = {IEEE},
	Title = {Discrete geometric optimal control on {L}ie groups},
	Volume = {27},
	Year = {2011}}

@phdthesis{sinathesis,
	Author = {Ober-Bl{\"o}baum,Sina},
	School = {University of Paderborn, Paderborn},
	Title = {Discrete Mechanics and Optimal Control},
	Year = {2008}}

@article{barbero,
	Author = {Barbero-Li{\~n}{\'a}n, Mar{\'\i}a and Mu{\~n}oz-Lecanda, Miguel C},
	Journal = {Acta {A}pplicandae {M}athematicae},
	Number = {2},
	Pages = {429--485},
	Publisher = {Springer-Verlag New York},
	Title = {Geometric approach to {P}ontryagin Maximum Principle},
	Volume = {108},
	Year = {2009}}

@article{chang,
	Author = {Chang, Dong Eui},
	Journal = {Automatica},
	Number = {3},
	Pages = {630-633},
	Publisher = {Elsevier},
	Title = {A simple proof of the Pontryagin Maximum Principle on manifolds},
	Volume = {47},
	Year = {2011}}

@article{clarke,
	Author = {Clarke, Frank H},
	Journal = {SIAM Journal on Control and Optimization},
	Number = {6},
	Pages = {1078-1091},
	Publisher = {SIAM},
	Title = {The maximum principle under minimal hypotheses},
	Volume = {14},
	Year = {1976}}

@article{holtzman,
	Author = {Holtzman, Jack M},
	Journal = {IEEE Transactions on Automatic Control},
	Number = {1},
	Pages = {30-35},
	Publisher = {IEEE},
	Title = {Convexity and the maximum principle for discrete systems},
	Volume = {11},
	Year = {1966}}

@article{dubovitskii_discrete,
	Author = {Dubovitskii, A Ya},
	Journal = {Avtomatika i Telemekhanika},
	Number = {10},
	Pages = {55--71},
	Publisher = {Russian Academy of Sciences},
	Title = {The discrete principle of the maximum},
	Year = {1978}}

@book{clarkeopbook,
	Author = {Clarke, Francis},
	Publisher = {Springer Science \& Business Media},
	Title = {Functional Analysis, Calculus of Variations and Optimal Control},
	Volume = {264},
	Year = {2013}}

@book{wargaoptimal,
	Author = {Warga, Jack},
	Publisher = {Academic press},
	Title = {Optimal control of differential and functional equations},
	Year = {1972}}

@article{dubovitskii,
	Author = {Dubovitskii, A. Ya and Milyutin, A. A.},
	Journal = {USSR Computational Mathematics and Mathematical Physics},
	Number = {4},
	Pages = {24-98},
	Publisher = {Elsevier B.V.},
	Title = {Necessary conditions for a weak extremum in optimal control problems with mixed constraints of the inequality},
	Volume = {8},
	Year = {1968}}

@article{sussmanpmp,
	Author = {Sussmann, H{\'\e}ctor J.},
	Journal = {Recent Advances in Learning and Control (Lecture Notes in Control and Information Sciences)},
	Pages = {219-232},
	Publisher = {Springer-Verlag},
	Title = {A {P}ontryagin Maximum Principle for systems of flows},
	Year = {2008}}

@book{milyutin_book,
	Author = {Milyutin, A. A. and Osmolovskii, N.P.},
	Publisher = {American Mathematical Society},
	Title = {Calculus of Variations and Optimal Control},
	Year = {1998}}

@article{mordukhovich,
	Author = {Mordukhovich, B S.},
	Journal = {Journal of Applied Mathematics and Mechanics},
	Number = {6},
	Pages = {960-969},
	Publisher = {Elsevier B.V.},
	Title = {Maximum principle in the problem of time optimal response with nonsmooth constraints},
	Volume = {40},
	Year = {1976}}

@book{pontryagin,
	Author = {Pontryagin, L. S.},
	Publisher = {CRC Press},
	Title = {Mathematical Theory of Optimal Processes},
	Year = {1987}}

@article{pmpdiscovery,
	Author = {Gamkrelidze, Revaz V.},
	Journal = {Journal of Dynamical and Control Systems},
	Number = {4},
	Pages = {437-451},
	Publisher = {Springer-Verlag New York},
	Title = {Discovery of the Maximum Principle},
	Volume = {5},
	Year = {1999}}

@article{sachkovnotes,
	Author = {Sachkov, Yu L.},
	Journal = {Journal of Mathematical Sciences},
	Number = {3},
	Pages = {381-439},
	Publisher = {Springer-Verlag New York},
	Title = {Control Theory on {L}ie groups},
	Volume = {156},
	Year = {2009}}

@book{duistermaat,
	Author = {Duistermaat, J. J. and Kolk, J. A. C.},
	Publisher = {Cambridge University Press},
	Title = {Multidimensional Real Analysis {I}: Differentiation},
	Year = {2004}}

@book{boltyanski,
	Author = {Boltyanski,V. G. and Martini, H. and Soltan, V.},
	Publisher = {Kluwer Academic Publishers},
	Title = {Geometric Methods and Optimization Problems},
	Year = {1998}}

@book{boltyanski2,
	Author = {Boltyanski, Vladimir G. and Poznyak, Alexander S.},
	Month = {January},
	Publisher = {Springer-Verlag New York},
	Title = {The Robust Maximum Principle},
	Year = {2012}}

@article{tent,
	Author = {Boltyanski, Vladimir G.},
	Journal = {Russian Math Surveys},
	Month = {March},
	Pages = {1-54},
	Publisher = {IOP Publishing},
	Title = {The Method of Tents in the Theory of Extremal Problems},
	Volume = {30},
	Year = {1975}}

@book{gill,
	Author = {Gill, P. E. and Murray, W. and Wright, M. H.},
	Month = {March},
	Publisher = {Academic Press},
	Title = {Practical Optimization},
	Year = {1997}}

@book{bullo,
	Author = {Bullo, Francesco and Lewis, Andrew D.},
	Month = {March},
	Publisher = {Springer-Verlag New York},
	Title = {Geometric control of mechanical systems - modeling, analysis, and design for simple mechanical control systems},
	Year = {2005}}

@book{boyd,
	Author = {Boyd, S.P. and Vandenberghe, L.},
	Month = {March},
	Publisher = {Cambridge University Press},
	Title = {Convex optimization},
	Year = {2004}}

@article{gerdts,
	Author = {Gerdts, Matthias},
	Journal = {SIAM Journal on Optimization},
	Pages = {326-350},
	Publisher = {Society for Industrial and Applied Mathematics},
	Title = {Global convergence of a nonsmooth Newton method for control-state constrained optimal control problems},
	Volume = {19},
	Year = {2008}}

@article{trelat,
	Author = {Tr{\'e}lat, Emmanuel},
	Journal = {Journal of Optimization Theory and Applications},
	Pages = {713-758},
	Publisher = {Springer-Verlag New York},
	Title = {Optimal control and applications to aerospace: some results and challenges},
	Volume = {154},
	Year = {2012}}

@article{sagariss,
	Author = {Bhatt, Sagar and Bedrossian, N. and Longacre, K. and Nguyen, L.},
	Journal = {Guidance, Navigation, and Control (GNC) Conference AIAA},
	Month = {August},
	Publisher = {American Institute of Aeronautics and Astronautics},
	Title = {Optimal propellant maneuver flight demonstrations on {ISS}},
	Year = {2013}}

@article{ilya,
	Author = {Ioslovich, Ilya},
	Journal = {Automatica},
	Month = {December},
	Pages = {557 - 567},
	Publisher = {Elsevier Science Ltd.},
	Title = {Arbitrary fuel-optimal attitude maneuvering of a non-symmetric space vehicle in a vehicle-fixed coordinate frame},
	Year = {2003}}

@article{dixon,
	Author = {Dixon,M. V. and Edelbaum, T. N. and Potter, J.E. and Vandervelde, W. E.},
	Journal = {Journal of Guidance, Control, and Dynamics, AIAA},
	Month = {November},
	Pages = {1345-1351},
	Publisher = {American Institute of Aeronautics and Astronautics},
	Title = {Fuel optimal reorientation of axisymmetric spacecraft},
	Volume = {7},
	Year = {1970}}

@article{clarkegg,
	Author = {Frank H Clarke},
	Journal = {Advances in Mathematics},
	Number = {1},
	Pages = {52 - 67},
	Publisher = {Elsevier Press},
	Title = {Generalized gradients of Lipschitz functionals},
	Volume = {40},
	Year = {1981}}

@phdthesis{helkePhd08,
	Author = {Helke Karen Hesse},
	Month = {June},
	School = {Ruprecht-Karls-University, Heidelberg},
	Title = {Multiple shooting and mesh adaptation for PDE constrained optimization problems},
	Year = {2008}}

@article{blochsymmetric,
	Author = {Bloch, Anthony M and Crouch, Peter E and Marsden, Jerrold E and Ratiu, Tudor S},
	Journal = {Nonlinearity},
	Number = {4},
	Pages = {1309},
	Publisher = {IOP Publishing},
	Title = {The symmetric representation of the rigid body equations and their discretization},
	Volume = {15},
	Year = {2002}}

@article{qi,
	Author = {Qi, Liqun and Sun, Jie},
	Journal = {Mathematical Programming},
	Number = {1-3},
	Pages = {353-367},
	Publisher = {Springer-Verlag New York},
	Title = {A nonsmooth version of Newton's method},
	Volume = {58},
	Year = {1993}}

@article{athans,
	Author = {Athans, M. and Falb, P.L. and Lacoss, R.T.},
	Journal = {Automatic Control, IEEE Transactions on},
	Month = {July},
	Number = {3},
	Pages = {196-202},
	Title = {Time-, fuel-, and energy-optimal control of nonlinear norm-invariant systems},
	Volume = {8},
	Year = {1963}}

@article{zhang,
	Author = {Zhang, S. and Tang, G.J. and Friswell, M.I. and Wagg, D.J.},
	Journal = {Journal of Optimization Theory and Applications},
	Number = {3},
	Pages = {926-948},
	Publisher = {Springer-Verlag New York},
	Title = {Multi-objective optimization of zero propellant spacecraft attitude maneuvers},
	Volume = {163},
	Year = {2014}}

@article{leokattitude,
	Author = {Taeyoung L. and Leok, M. and McClamroch, N.H.},
	Journal = {American Control Conference},
	Month = {June},
	Pages = {5210-5215},
	Title = {Time optimal attitude control for a rigid body},
	Year = {2008}}

@article{taeyoung3d,
	Author = {Lee, Taeyoung and McClamroch, N Harris and Leok, Melvin},
	Journal = {IEEE Conference on Control Applications},
	Organization = {IEEE},
	Pages = {962-967},
	Title = {A Lie group variational integrator for the attitude dynamics of a rigid body with applications to the 3D pendulum},
	Year = {2005}}

@article{polyaknewton,
	Author = {Polyak, Boris T},
	Journal = {European Journal of Operational Research},
	Number = {3},
	Pages = {1086-1096},
	Publisher = {Elsevier Press},
	Title = {Newton's method and its use in optimization},
	Volume = {181},
	Year = {2007}}

@article{dm_marsden,
	Author = {Marsden,J. E. and West,M.},
	Journal = {Acta Numerica},
	Month = {5},
	Pages = {357-514},
	Publisher = {Cambridge University Press},
	Title = {Discrete mechanics and variational integrators},
	Volume = {10},
	Year = {2001}}

@book{abraham,
	Author = {Abraham, R. and Marsden, J.E.},
	Publisher = {AMS Chelsea Publishing},
	Title = {Foundations of Mechanics},
	Year = {1978}}

@article{dm_ober,
	Author = {Ober-Bl{\"o}baum,Sina and Junge,Oliver and Marsden,Jerrold E.},
	Journal = {ESAIM: Control, Optimisation and Calculus of Variations},
	Month = {4},
	Pages = {322-352},
	Title = {Discrete mechanics and optimal control: An analysis},
	Volume = {17},
	Year = {2011}}

@article{Avakov2013,
	Author = {Avakov, E.R. and Magaril-Il'yaev, G.G. and Tikhomirov, V.M.},
	Journal = {Russian Mathematical Surveys, IOPS},
	Pages = {401-433},
	Title = {Lagrange's Principle in Extremum Problems with Constraints},
	Volume = {68},
	Year = {2013}}

@article{wie_elr,
	Author = {Wie, Bong and Weiss, H. and Arapostathis, A.},
	Journal = {Journal of Guidance, Control, and Dynamics, AIAA},
	Month = {May},
	Pages = {375-380},
	Publisher = {American Institute of Aeronautics and Astronautics},
	Title = {Quarternion feedback regulator for spacecraft eigenaxis rotations},
	Volume = {12},
	Year = {1989}}

@book{schaub,
	Author = {Hanspeter Schaub and John L. Junkins},
	Keywords = {celestial mechanics},
	Publisher = {American Institute of Aeronautics and Astronautics},
	Title = {Analytical Mechanics of Space Systems},
	Year = {2003}}

@book{agrachev,
	Author = {A. A. Agrachev and Yu. L. Sachkov},
	Publisher = {Springer-Verlag New York},
	Title = {Control Theory from the Geometric Viewpoint},
	Year = {2003}}

@book{marsden,
	Author = {Marsden, Jerrold E and Ratiu, Tudor S},
	Publisher = {Springer-Verlag New York},
	Title = {Introduction to Mechanics and Symmetry: A Basic Exposition of Classical Mechanical Systems},
	Year = {2010}}

@book{ratiu,
	Author = {Marsden, Jerrold E and Ratiu, Tudor S and Abraham, Ralph},
	Publisher = {Springer-Verlag New York},
	Title = {Manifold, Tensor Analysis, and Applications},
	Year = {2009}}

@book{hughes,
	Author = {P.~C Hughes},
	Publisher = {Dover Publications},
	Title = {Spacecraft Attitude Dynamics},
	Year = {1986}}

@book{morari,
	Author = {F. Borrelli and A. Bemporad and M. Morari},
	Title = {Predictive Control for linear and hybrid systems},
	Year = {2014}}

@book{shankar,
	Author = {Sastri, Shankar},
	Publisher = {Springer-Verlag New York},
	Title = {Nonlinear systems - Analysis, Stability, and Control},
	Year = {1999}}

@book{holm,
	Author = {Holm, D.D. and Schmah, T. and Stoica, C.},
	Publisher = {OUP Oxford},
	Title = {Geometric Mechanics and Symmetry: From Finite to Infinite Dimensions},
	Year = {2009}}

@article{sanyal,
	Author = {Chaturvedi, N.A. and Sanyal, A.K. and McClamroch, N.H.},
	Journal = {Control Systems Magazine, IEEE},
	Month = {June},
	Pages = {30-51},
	Publisher = {IEEE},
	Title = {Rigid-Body Attitude Control},
	Volume = {31},
	Year = {2011}}

@article{gerlach,
	Affiliation = {AA(Technological University)},
	Author = {Gerlach, O. H.},
	Journal = {Space Science Reviews, Kluwer Academics Publishers},
	Month = {March},
	Pages = {541-582},
	Publisher = {Kluwer Academics Publishers},
	Title = {Attitude Stabilization and Control of Earth Satellites},
	Volume = {4},
	Year = {1965}}

@article{scrivener,
	Author = {Scrivener, Sandra L.and Thompson, Roger C.},
	Journal = {Journal of Guidance, Control, and Dynamics, AIAA},
	Month = {March},
	Pages = {225-233},
	Publisher = {American Institute of Aeronautics and Astronautics},
	Title = {Survey of Time-Optimal Attitude Maneuvers},
	Volume = {17},
	Year = {1994}}

@article{sagar,
	Author = {Karpenko, Mark and Bhatt, Sagar and Bedrossian, Nazareth},
	Journal = {Journal of Guidance, Control, and Dynamics, AIAA},
	Month = {March},
	Pages = {225-233},
	Publisher = {American Institute of Aeronautics and Astronautics},
	Title = {Flight Implementation of Shortest-Time Maneuvers for Imaging Satellites},
	Volume = {37},
	Year = {2014}}

@article{tsiotras,
	Author = {Tsiotras, P. and Corless, M. and Longuski, J. M.},
	Journal = {Automatica, IFAC},
	Keywords = {Attitude control, feedback control, nonlinear control systems, stability},
	Month = {August},
	Pages = {1099-1112},
	Publisher = {Pergamon Press},
	Title = {A Novel Approach to the Attitude Control of Axisymmetric Spacecraft},
	Volume = {31},
	Year = {1995}}

@article{donghoon,
	Author = {Kim, Donghoon and Kim, Donghoon and Turner, James D.},
	Journal = {Journal of Guidance, Control, and Dynamics, AIAA},
	Month = {August},
	Pages = {1855-1860},
	Publisher = {American Institute of Aeronautics and Astronautics},
	Title = {Suboptimal Asymmetric Spacecraft Maneuvers Using Two Controls},
	Volume = {36},
	Year = {1995}}

@article{bloch2009,
	Author = {Bloch, A.M. and Hussein, I.I. and Leok, M. and Sanyal, A.K.},
	Journal = {Journal of Dynamical and Control Systems, Springer},
	Pages = {307-330},
	Title = {Geometric structure-preserving optimal control of a rigid body},
	Volume = {15},
	Year = {2009}}

@inproceedings{karpenko2012,
	Author = {Karpenko, Mark and Michael Ross, I},
	Booktitle = {AIAA/AAS Astrodynamics Specialist Conference},
	Month = {August},
	Publisher = {American Institute of Aeronautics and Astronautics},
	Title = {Implementation of Shortest-Time Maneuvers for Generic CMG Steering Laws},
	Year = {2012}}

@article{bilimoria,
	Author = {Bilimoria, Karl D. and Wie, Bong},
	Journal = {Journal of Guidance, Control, and Dynamics, AIAA},
	Month = {May},
	Pages = {446-452},
	Publisher = {American Institute of Aeronautics and Astronautics},
	Title = {Time-Optimal Three-Axis Reorientation of a Rigid Spacecraft},
	Volume = {16},
	Year = {1993}}

@article{fleming2010,
	Author = {Fleming, Andrew and Sekhavat, Pooya and Ross, I Michael},
	Journal = {Journal of Guidance, Control, and Dynamics, AIAA},
	Month = {May},
	Pages = {160-170},
	Publisher = {American Institute of Aeronautics and Astronautics},
	Title = {Minimum-Time Reorientation of a Rigid Body},
	Volume = {33},
	Year = {2010}}

@article{lee2008,
	Author = {Lee, T. and Leok, M. and McClamroch, N.H.},
	Journal = {Journal of Dynamical and Control Systems, Springer},
	Pages = {465-487},
	Publisher = {American Institute of Aeronautics and Astronautics},
	Title = {Optimal attitude control of a rigid body using geometrically exact computations on {S}{O}(3)},
	Volume = {14},
	Year = {2008}}

@article{crouch,
	Author = {Crouch, Peter E},
	Journal = {IEEE Transactions on Automatic Control},
	Month = {April},
	Pages = {321-331},
	Publisher = {IEEE},
	Title = {Spacecraft Attitude Control and Stabilization: Applications of Geometric Control Theory to Rigid Body Models},
	Volume = {29},
	Year = {1984}}

@inproceedings{fleming2008,
	Author = {Fleming, Andrew and Michael Ross, I},
	Booktitle = {AIAA Guidance, Navigation, and Control Conference},
	Month = {August},
	Publisher = {American Institute of Aeronautics and Astronautics},
	Title = {Optimal control of spinning Axisymmetric Spacecraft: A Pseudospectral Approach},
	Year = {2008}}

@article{fleming2006,
	Author = {Fleming, Andrew and Ross, I Michael},
	Journal = {Advances in the Astronautical Sciences, AAS},
	Pages = {2681-2700},
	Publisher = {Univelt Inc.},
	Title = {Singularity-Free Optimal Steering of Control Moment Gyros},
	Year = {2006}}

@article{ross,
	Author = {Proulx, R.J. and Ross, I.M.},
	Journal = {Advances in the Astronautical Sciences, AAS},
	Pages = {1207-1227},
	Publisher = {Univelt Inc.},
	Title = {Time-optimal Reorientation of Asymmetric Rigid Bodies},
	Year = {2002}}

@phdthesis{fleming2004,
	Author = {Fleming, Andrew},
	Month = {December},
	School = {Naval Postgraduate School, Monterey California},
	Title = {Real-time Optimal Slew Maneuver Design and Control},
	Year = {2004}}

@article{Avakov2013,
	Author = {Avakov, E.R. and Magaril-Il'yaev, G.G. and Tikhomirov, V.M.},
	Journal = {Russian Mathematical Surveys, IOPS},
	Pages = {401-433},
	Title = {Lagrange's Principle in Extremum Problems with Constraints},
	Volume = {68},
	Year = {2013}}
